3284 5250
911 524 1086 592 8262
1257 544 1288 579 x

912 684 1148 737 omnibns
1163 698 1600 753 quorumcumque
1617 686 1841 751 vnigstis
1858 700 1980 737 sne·

911 772 1083 815 torum
1107 763 1487 827 exempisribus
1505 764 1696 828 passim
1719 764 1975 814 recentio-

911 839 958 889 ri
980 846 1036 889 et
1057 839 1218 903 msgis
1233 839 1428 889 usitato
1445 840 1769 889 Valeriorum
1790 853 1976 903 cogno·

911 917 1050 967 mine
1079 916 1097 944 6
1117 916 1367 967 Corvinus
1383 914 1398 937 '
1419 918 1731 981 appeliatur.
1797 917 1975 979 Quod,

910 995 1035 1060 quia
1061 996 1408 1059 posteriorum
1439 1004 1729 1059 temporum
1750 994 1973 1045 librariis

911 1078 1074 1137 atque
1114 1070 1274 1121 etism
1307 1070 1562 1121 ii‘ntorieis
1597 1072 1761 1135 magis
1796 1080 1973 1121 notum

910 1153 1046 1205 ent.
1079 1148 1338 1197 vetustius
1365 1148 1494 1197 iilud
1519 1148 1801 1199 exclusisse
1834 1148 1973 1197 vide·

911 1232 1016 1273 tnr.
1083 1222 1218 1275 Nam
1253 1224 1340 1290 qni
1369 1238 1526 1275 corvo
1549 1224 1820 1288 adjutsute
1845 1225 1971 1275 Gsi·

909 1300 1015 1351 inm
1039 1300 1253 1363 occidit,
1284 1301 1400 1351 rudi
1431 1302 1737 1365 cognomine
1762 1302 1973 1352 miiitsri

905 1377 926 1407 6
944 1377 1198 1429 Corvnm’
1221 1378 1536 1442 sppeiistnm
1558 1378 1733 1442 potins
1756 1376 1815 1430 fit
1840 1378 1969 1427 veri·

909 1454 1112 1516 simiie;
1146 1456 1288 1504 veint
1321 1456 1373 1504 in
1416 1454 1814 1519 antiquioribus·
1840 1456 1971 1505 Livii

909 1532 1293 1597 exemplaribus
1321 1533 1540 1596 reperiri
1577 1540 1804 1582 testetur
1822 1533 1970 1595 Sigo-

909 1610 1041 1670 nius,
1057 1617 1212 1675 etque
1235 1610 1358 1659 item
1383 1612 1432 1659 in
1458 1610 1761 1675 cuspiniani
1785 1610 1971 1659 tabuiis

909 1687 1120 1750 iegitur.
1183 1688 1432 1737 Posteros
1456 1701 1576 1735 vero
1611 1685 1725 1750 ejus
1761 1685 1972 1736 fumiiiae

908 1763 976 1812 nb
997 1762 1177 1813 eodem
1208 1764 1225 1791 6
1248 1762 1524 1814 Corvinos'
1558 1764 1849 1827 appellatos
1884 1778 1971 1813 ex·

907 1840 1126 1890 istimsri
1165 1849 1359 1905 potest.
1439 1840 1527 1891 Sic
1568 1840 1706 1890 enim
1750 1840 1969 1904 primum

908 1916 1092 1976 ‘.Aibi,
1131 1918 1146 1946 6
1169 1916 1378 1980 Crassi(
1416 1924 1432 1947 6
1457 1916 1611 1974 Rufi:
1643 1920 1659 1947 6
1685 1915 1973 1973 Mamerci,¹

907 1995 926 2023 6
952 1993 1152 2059 Longi,'
1179 1995 1195 2023 6
1223 1992 1403 2052 Levi!
1438 1995 1456 2024 6
1481 1992 1675 2050 Lusci,’
1707 1994 1969 2043 inveniun-

909 2075 998 2119 tur
1017 2071 1296 2134 sppeiisti3
1321 2084 1531 2134 qnorum
1551 2070 1743 2133 posteri
1766 2069 1971 2119 derive-

908 2144 1020 2196 tivo
1055 2148 1356 2209 cognomine
1396 2144 1643 2202 ‘Albini,’
1677 2147 1693 2173 ‘
1714 2143 1975 2207 Crsssini,'

911 2223 928 2251 ‘
955 2221 1165 2280 Rufini,'
1220 2224 1236 2251 ‘
1269 2221 1611 2278 Mamm-cini:
1664 2223 1680 2251 6
1714 2220 1975 2285 Longini‚’

903 2296 1165 2359 ‘Lavini,’
1188 2298 1205 2327 6
1221 2295 1462 2350 Luscini.'
1510 2300 1846 2363 Quapropter
1870 2312 1970 2347 non

907 2372 1201 2424 dubitarem
1223 2374 1275 2423 in
1300 2374 1468 2437 Livio,
1485 2374 1761 2431 Cicerone,
1780 2372 1969 2431 Gellio,

907 2449 1120 2500 Valerio
1145 2451 1396 2511 Msximo,
1427 2450 1641 2515 aliisque
1675 2450 1971 2501 suctoribns

908 2526 1150 2590 antiquis,
1169 2527 1256 2591 qni
1271 2526 1423 2590 hujus
1445 2526 1519 2574 Μ.
1533 2524 1733 2575 Valerii
1753 2525 1971 2575 mentio-

907 2616 1029 2652 nem
1077 2601 1297 2661 faciunt,
1351 2602 1610 2667 vulgatum
1667 2601 1791 2653 iilud
1846 2617 1968 2667 cog·

907 2693 1094 2729 nomen
1136 2678 1370 2731 Corvinus
1417 2680 1470 2730 in
1522 2680 1706 2729 Cornus
1754 2685 1970 2728 mutu-e.

907 2755 1121 2818 Pighius
1147 2757 1198 2807 in
1223 2755 1409 2806 Annei.
1445 2755 1510 2805 ed
1545 2770 1594 2805 s.
1617 2768 1745 2804 cuv.
1784 2770 1834 2819 p.
1852 2759 1968 2806 296.

907 2831 1155 2896 Propert.
1198 2833 1348 2896 Eieg.
1391 2845 1478 2882 ιιι.
1518 2834 1569 2881 9.
1602 2835 1687 2880 66.
1734 2832 1751 2860 6
1778 2832 1846 2880 Et
1883 2831 1968 2880 eui

905 2923 1192 2974 cognomen
1210 2909 1402 2959 Corvus
1418 2909 1610 2959 hebere
1625 2905 1809 2957 dedit!
1832 2907 1967 2957 Psii.

907 2989 956 3035 1.
978 2992 1031 3035 et
1054 2989 1103 3036 2.
1126 2992 1182 3036 et
1212 2986 1296 3035 hic
1314 2984 1642 3036 M.Vulerium
1668 2984 1889 3040 Cornum,
1910 2990 1966 3032 et

903 3075 1027 3112 mox
1050 3063 1248 3124 Collega
1268 3063 1422 3112 Corvo
1441 3063 1502 3111 de
1518 3059 1651 3126 plebe
1671 3058 1751 3108 M.
1781 3058 1965 3122 Popili·

900 3153 964 3189 us
983 3140 1140 3190 Lentu
1157 3145 1378 3204 quartum
1408 3141 1570 3190 consul
1585 3137 1794 3198 saturus
1824 3139 1968 3188 datus

904 3219 996 3263 est.
1043 3213 1240 3266 Iterum
1263 3228 1310 3263 c.
1329 3219 1411 3264 27.
1447 3215 1521 3264 Μ.
1549 3213 1767 3264 Valerius
1784 3214 1967 3264 Corvus

905 3289 1010 3339 dno
1028 3290 1324 3353 exprimunt
1345 3290 1475 3340 Mss.
1495 3298 1552 3339 nt
1571 3297 1629 3340 et
1651 3305 1699 3339 c.
1716 3292 1799 3339 28.
1820 3303 1867 3338 c.
1883 3293 1966 3340 89.

903 3366 994 3418 fin.
1014 3383 1063 3418 c.
1081 3373 1162 3418 40.
1187 3382 1254 3417 ιιι.
1274 3382 1405 3418 vm.
1423 3372 1504 3419 16.
1549 3369 1640 3418 Bis
1663 3369 1739 3418 its
1759 3382 1965 3433 quoqne

901 3443 1022 3507 lege
1043 3456 1126 3494 lx.
1151 3447 1231 3495 17.
1269 3443 1424 3494 Gesta.
1491 3446 1696 3494 Corvum
1724 3450 1966 3493 constan-

905 3529 989 3572 ter
1043 3525 1258 3570 servent
1301 3535 1498 3578 omues,
1541 3534 1672 3584 quos
1712 3520 1964 3583 consului,

903 3595 1058 3646 endd.
1098 3597 1282 3660 scripti
1319 3597 1416 3646 hoe
1447 3598 1588 3654 ioco,
1619 3603 1676 3646 et
1706 3611 1829 3646 mox
1864 3597 1964 3647 hoe

904 3684 1021 3735 esp.
1056 3677 1165 3721 tum
1193 3685 1310 3734 cup.
1337 3685 1447 3736 seq.
1478 3671 1823 3735 omnibusque
1849 3668 1965 3722 fere

900 3747 1053 3812 locis,
1071 3762 1188 3813 qnae
1204 3748 1510 3798 Gebhardns
1531 3747 1800 3798 indicavit.
1845 3749 1963 3798 Cor-

900 3839 1012 3874 esms
1039 3826 1199 3875 etiem
1231 3824 1388 3875 codd.
1420 3824 1747 3876 oxonienses
1770 3823 1852 3874 hic
1874 3839 1963 3874 ex·

898 3902 1100 3964 hibere,
1135 3901 1351 3952 Hesrne
1387 3910 1567 3953 suctor
1602 3909 1701 3952 est.
1767 3902 1964 3955 Quum·

902 3981 980 4030 vis
1017 3987 1190 4030 sutem
1221 3983 1277 4029 et
1305 3979 1426 4030 oiim
1461 3987 1517 4030 et
1547 3979 1705 4029 hodie
1738 3978 1803 4028 de
1840 3992 1963 4029 vero

900 4059 1098 4109 Valerii
1137 4059 1441 4122 cognomine
1463 4058 1754 4108 dubitatum
1789 4055 1964 4122 fuerit,

901 4151 966 4188 ue
982 4138 1210 4188 nonnulii
1232 4137 1528 4187 exstiterint
1545 4137 1632 4200 qui
1655 4151 1772 4186 enm
1794 4135 1964 4185 Comi·

899 4229 1032 4272 nen,
1052 4215 1142 4264 xiii
1165 4213 1253 4279 qui
1281 4215 1486 4263 Corvum
1507 4211 1705 4262 dietum
1736 4225 1851 4262 esse
1874 4225 1963 4261 ex-

899 4289 1275 4352 istimaverint3
1291 4303 1508 4355 quornm
1528 4290 1821 4354 catalogum
1843 4287 1964 4338 vide

903 4365 1043 4429 spnd
1068 4365 1317 4416 Arutzen.
1342 4365 1409 4416 nd
1436 4364 1562 4415 Aur.
1585 4364 1733 4415 Vict.
1756 4364 1825 4414 de
1845 4365 1963 4414 Vir.

901 4441 1117 4495 Iniustr.
1151 4457 1202 4494 e.
1235 4447 1320 4496 29.
1356 4445 1384 4508 §
1414 4446 1461 4494 1.
1494 4441 1753 4508 posterius
1788 4449 1963 4494 temen

1601 540 1821 591 No‘rAE
1871 542 2275 593 munorum
2327 544 2407 593 IN

2047 686 2293 752 prefero.
2359 687 2434 739 Ut
2466 688 2544 749 its
2578 688 2813 752 sentim,
2834 688 2983 754 prino
3002 703 3070 739 me

2048 775 2317 833 permovet
2338 781 2647 819 msrmornm
2684 768 3075 831 Capitolinomm,

2048 854 2205 910 quum
2260 844 2624 907 consularium,
2672 850 2781 893 tum
2826 842 3076 906 triumphs-

2046 922 2194 984 linm,
2217 921 2523 983 suetoritus,
2538 920 2591 970 in
2615 933 2827 985 quorum
2848 917 3077 982 frsgmen·

2050 1000 2135 1060 tis,
2150 997 2259 1062 nbi,
2274 998 2577 1063 primevam
2594 994 2901 1061 scripturn-
2921 1002 3078 1059 postes

2047 1084 2343 1139 corruptam
2366 1072 2547 1129 fnisse.
2570 1072 2713 1122 nniis
2742 1070 2958 1135 suspicio
2978 1084 3077 1118 esse

2046 1158 2247 1215 potest,
2266 1158 2455 1216 quatu
2466 1162 2681 1201 eoam
2698 1155 3079 1213 agnon-stur.

2048 1227 2258 1279 Deinde
2280 1228 2537 1279 unani-is
2570 1240 2857 1277 consensus
2882 1234 3083 1289 septe-

2046 1304 2215 1356 decim
2270 1304 2523 1359 codicum.
2572 1304 2762 1367 psrtisn
2820 1316 2941 1366 qnos
2982 1300 3079 1363 ipse

2047 1382 2172 1445 vidi,
2210 1382 2395 1445 partim
2436 1394 2650 1447 qnorum
2685 1379 2825 1444 spud
2866 1393 2945 1428 me
2976 1384 3081 1427 suut

2045 1462 2312 1522 excerpts,
2330 1458 2559 1522 quinque
2573 1455 2964 1510 oxoniensium,
2976 1466 3083 1518 qnos

2046 1536 2259 1585 Hesrne
2282 1535 2560 1591 consuluit,
2576 1530 2791 1582 duorum
2813 1532 2946 1581 Pan.
2958 1528 3082 1579 Geb-

2046 1611 2213 1672 hardi,
2234 1618 2290 1661 et
2318 1612 2679 1675 pieros-nmque
2700 1616 2953 1665 veterum,
2972 1620 3083 1672 qnos

2044 1686 2280 1750 Sigonius
2316 1686 2563 1736 adhibuit.
2635 1684 2736 1735 His
2774 1685 3083 1748 obponnntnr

2045 1764 2259 1814 siiorum
2292 1764 2603 1827 scriptorum
2640 1761 2773 1811 Mss.
2808 1762 3083 1825 pierumque

2048 1840 2312 1889 Valerium
2331 1840 2587 1891 Cot-vim
2604 1844 2871 1888 vocantes.
2916 1836 3084 1884 Vern-

2046 1917 2130 1965 vei
2150 1916 2203 1965 hi
2224 1915 2507 1979 scriptores
2527 1923 2647 1965 sunt
2661 1922 2753 1963 snt
2770 1914 2917 1963 Livio
2934 1924 3085 1977 equs·

2046 1992 2139 2047 ies,
2177 1998 2269 2041 unt
2324 2004 2426 2041 non
2470 1990 2633 2039 mnito
2676 1991 3012 2053 recentiores,
3041 1989 3085 2037 in

2045 2084 2259 2135 qnorum
2282 2068 2409 2119 Mss.
2434 2066 2667 2117 iibrsrios
2690 2068 2867 2117 notius
2894 2068 2909 2096 6
2930 2064 3086 2116 Corvi·

2046 2146 2131 2197 ni'
2167 2160 2475 2209 cognomen.
2511 2144 2647 2211 qnod
2670 2144 2875 2195 Valerii
2914 2142 3087 2209 posteri

2046 2222 2399 2279 obtinuerunt.
2441 2223 2595 2273 elteri
2629 2222 2647 2250 ‘
2668 2222 2876 2273 Corvo’
2914 2220 3088 2270 substi-

2046 2300 2225 2361 tuisse,
2248 2299 2435 2360 Pighio
2470 2298 2773 2348 eonsentio=
2807 2299 2888 2347 vei
2910 2296 3087 2347 diutins

2044 2385 2164 2441 post
2188 2376 2390 2425 Livium
2414 2374 2760 2438 scripserunt,
2798 2373 2974 2438 qnsies
3002 2370 3087 2435 ipsi

2044 2466 2219 2504 errare
2240 2458 2538 2516 potuerunt.
2585 2450 2937 2515 Obponuntnr
2950 2448 3086 2498 etism

2042 2528 2159 2577 iocs
2195 2526 2486 2590 poetarum,
2505 2526 2691 2591 quibus
2720 2524 2920 2592 aliquid
2952 2538 3088 2589 prop·

2044 2612 2126 2655 ter
2158 2610 2381 2653 metrum
2416 2600 2811 2654 concedendum
2844 2609 2988 2668 puto,
3019 2599 3087 2649 vei

2040 2678 2178 2746 quod
2202 2680 2445 2744 grandius
2466 2687 2691 2729 sonaret.
2758 2681 2922 2730 Certe
2953 2677 3087 2728 nnius

2042 2759 2125 2807 vei
2149 2757 2361 2808 siterius
2384 2755 2737 2808 testimonium
2772 2753 2981 2807 efficere
3011 2767 3088 2803 ne·

2042 2834 2193 2902 qniit,
2214 2840 2275 2882 nt
2295 2833 2607 2882 sententium
2641 2840 2917 2882 mutarem.

2106 2909 2167 2959 Id
2195 2911 2323 2960 enim
2352 2909 2430 2958 mi
2462 2909 2633 2960 deinde
2664 2909 2959 2970 &minis
2974 2903 3090 2969 frit]

2042 2986 2104 3038 ta
2122 2987 2249 3038 enim
2268 2985 2378 3036 belin·
2396 2985 2566 3036 deinde
2596 2999 2733 3049 eng-us.
2752 2986 2863 3048 snit
2883 2986 3027 3036 Voss.
3046 2988 3090 3034 2

2041 3063 2191 3113 Leid.
2232 3067 2278 3115 1.
2314 3063 2442 3112 Lov.
2477 3067 2525 3112 2.
2563 3065 2613 3113 ³.
2654 3071 2711 3112 et
2749 3061 2941 3127 fragm.
2968 3059 3089 3111 Har.

2040 3155 2071 3189 e
2094 3155 2163 3190 ιιι.
2186 3155 2266 3204 pr.
2296 3139 2350 3190 id
2370 3139 2497 3190 enim
2516 3141 2599 3189 ilie
2628 3140 2801 3191 deinde
2822 3138 3090 3202 eognnim‘s

2028 3215 2137 3277 fuit
2176 3218 2304 3267 Lov-
2323 3221 2373 3267 4.
2423 3216 2476 3266 id
2515 3219 2643 3267 enim
2684 3217 2765 3266 ini
2798 3217 2967 3268 deinde
3004 3215 3090 3264 too·

2038 3291 2331 3356 cognominis
2350 3293 2457 3354 snit
2480 3293 2630 3343 Heri.
2646 3298 2695 3344 2.
2716 3294 2871 3344 Port.
2888 3295 3091 3345 Gaertu.

2042 3368 2181 3418 Hsv.
2204 3373 2259 3417 et
2285 3367 2503 3419 Hesrnii
2531 3368 2847 3420 Oxoniensis
2870 3371 2935 3420 B.
2994 3367 3089 3418 Sed

2040 3445 2163 3494 nihii
2208 3451 2382 3495 mnto=
2435 3445 2529 3494 ‘id
2575 3444 2926 3508 cognominis’
2966 3444 3090 3494 enim

2040 3522 2237 3573 dictum
2278 3530 2374 3579 est,
2403 3529 2464 3572 ut
2496 3530 2511 3552 ·
2538 3521 2590 3571 id
2626 3520 2863 3584 negotii’
2900 3535 2984 3572 ιιι.
3018 3521 3089 3570 15.

2039 3600 2057 3628 6
2079 3599 2131 3648 id
2154 3597 2497 3649 monumenti’
2518 3613 2601 3649 iv.
2621 3603 2673 3649 7.
2704 3598 2722 3626 6
2742 3598 2795 3648 id
2822 3594 3094 3662 temporis,'

2039 3674 2157 3725 vide
2198 3673 2263 3725 nd
2308 3687 2362 3723 v.
2400 3677 2485 3725 48.
2522 3675 2549 3738 §
2594 3677 2645 3724 4.
2694 3673 2793 3724 ‘id
2842 3669 3091 3738 presidii’

2037 3763 2208 3801 xxm.
2244 3755 2325 3801 17.
2364 3757 2419 3801 et
2454 3763 2603 3800 xuv.
2637 3753 2720 3800 21.
2766 3753 2783 3780 6
2806 3749 2861 3800 id
2886 3745 3093 3814 iuopio‘

2038 3841 2209 3879 xxm.
2232 3833 2313 3880 19.
2346 3829 2362 3857 6
2388 3829 2437 3878 id
2474 3827 2731 3880 iocorum'
2765 3842 2903 3879 xxv.
2926 3833 3005 3879 22.
3038 3833 3089 3876 et

2038 3919 2087 3955 c.
2108 3909 2191 3956 32.
2239 3909 2255 3935 6
2286 3905 2339 3955 id
2382 3904 2672 3956 hominnm’
2712 3917 2856 3955 xxx.
2892 3909 2972 3956 12.
3002 3904 3018 3931 ⁸
3042 3903 3090 3952 id

2038 3981 2265 4032 consiiii'
2287 3993 2489 4032 xxxxv.
2510 3985 2595 4032 29.
2616 3987 2673 4032 et
2692 3993 2899 4032 xxxvx.
2921 3987 2970 4032 9.
3002 3985 3017 4010 6
3038 3979 3087 4028 id

2039 4057 2343 4123 precipuis
2400 4058 2517 4108 vide
2559 4057 2624 4107 sd
2670 4071 2805 4110 xnu.
2850 4062 2933 4109 ³1.
2975 4059 3003 4123 ξ
3044 4061 3089 4110 2.

2036 4138 2054 4166 ‘
2081 4135 2136 4185 id
2164 4134 2456 4200 ignominie
2473 4133 2490 4157 '
2522 4147 2685 4187 xun.
2704 4139 2785 4185 17.
2819 4136 2836 4164 6
2862 4136 2916 4185 id
2942 4132 3091 4191 beili:

2039 4212 2157 4262 vide
2173 4211 2400 4262 Gronov.
2428 4211 2492 4260 sd
2512 4211 2656 4277 Epit.
2680 4213 2797 4264 Liv.
2835 4211 2930 4261 lib.
2947 4223 3090 4262 xuv.

2037 4287 2291 4354 Ejusdem
2336 4288 2542 4352 generis
2584 4293 2705 4338 sunt
2756 4289 2774 4317 6
2812 4289 3087 4354 quidquam

2037 4364 2296 4415 msndati'
2330 4373 2385 4414 et
2412 4364 2614 4424 simius,
2650 4364 2716 4417 de
2754 4365 2945 4432 quibus
2978 4365 3087 4416 vide

2038 4443 2105 4494 ud
2128 4454 2319 4496 xxxu.
2340 4443 2421 4494 ³⁷.
2443 4443 2469 4506 §
2492 4447 2543 4494 5.
