3284 5250
825 540 1004 609 8444

827 701 1184 756 Luanriaouet
1207 698 1452 749 lavinios·
1496 697 1570 748 Αι
1587 697 1882 762 Stephanus

827 779 1036 842 quidem
1065 778 1220 827 etiam
1241 774 1478 833 Λαβίναν,
1495 773 1677 836 κτίσμα
1694 776 1783 825 τοῦ
1802 773 1883 825 Al·

825 854 964 909 κίον,
1007 854 1223 917 populos
1261 854 1420 903 edere
1455 850 1748 909 sanum
1790 853 1883 901 ait.

829 931 932 980 Ubi
957 944 1078 979 vero
1109 930 1183 979 ait
1211 928 1440 979 Aaobnov
1473 928 1759 993 μητρόπολις
1790 930 1887 977 τὸν

827 1006 1048 1057 Λαίναν.
1069 1005 1128 1054 τὸ
1143 1006 1322 1055 &aar
1335 1010 1629 1062 Δαονηῖνος,
1642 1010 1888 1057 Διονύσιος

830 1104 856 1135 ε
872 1084 1128 1145 Ῥωμαῖκῆς
1155 1082 1380 1146 ἱστορίας,
1393 1083 1771 1133 dubitationem
1806 1077 1887 1130 as·

827 1161 952 1223 fert,
973 1162 1098 1225 quia
1121 1159 1354 1224 Dionysii
1387 1174 1454 1209 ex
1483 1159 1615 1209 libro
1652 1172 1705 1207 v.
1738 1158 1887 1208 testi·

829 1240 1055 1289 monium
1101 1235 1329 1301 profert,
1377 1250 1446 1285 ne
1495 1235 1741 1285 mendose
1790 1249 1886 1298 pro

831 1317 1072 1367 Laurento
1095 1322 1184 1363 aut
1219 1327 1316 1377 pro
1337 1312 1554 1361 Lanuuio
1575 1311 1663 1361 sit.
1729 1309 1887 1375 Apud

833 1391 1056 1452 Dionys.
1079 1388 1236 1439 etiam
1270 1403 1368 1438 vox
1397 1388 1487 1437 illa
1521 1385 1793 1448 nanninus,
1814 1389 1887 1437 vi-

832 1468 966 1515 tiose
986 1464 1192 1513 videtur
1207 1478 1340 1527 esse,
1360 1477 1454 1525 pro
1467 1462 1761 1513 Amabam.
1785 1463 1889 1513 Ve-

831 1556 966 1597 rum.
1001 1549 1059 1591 ut
1093 1541 1220 1596 dixi,
1255 1541 1382 1589 mira
1411 1540 1590 1589 horum
1627 1538 1885 1589 nominum

833 1616 1142 1681 depravatio
1163 1623 1264 1665 est.
1297 1614 1466 1676 Sigon.
1535 1616 1747 1679 Sigonio
1766 1630 1888 1665 eon-

831 1693 1068 1743 sentiunt
1102 1690 1248 1741 Leid.
1285 1694 1336 1740 2.
1365 1692 1493 1741 Lov.
1517 1696 1563 1742 1.
1597 1708 1628 1743 a
1670 1708 1737 1743 m.
1783 1707 1887 1743 sec.

834 1777 890 1818 et
912 1768 1129 1820 Hearnii
1153 1768 1500 1827 oxonienses,
1522 1784 1623 1820 uno
1648 1777 1889 1834 excepto.

831 1846 986 1894 Solus
1025 1846 1161 1895 enim
1191 1844 1308 1908 ejus
1331 1845 1394 1893 Β.
1447 1845 1737 1909 &linusque
1760 1858 1891 1907 prm·

834 1922 957 1985 fert,
977 1938 1096 1973 eum
1117 1938 1217 1988 quo
1240 1922 1369 1975 facit
1387 1924 1534 1974 Port.
1574 1923 1647 1975 At
1662 1924 1893 1975 Lauino·-

834 2018 922 2064 que
943 2002 1138 2051 habeut
1159 2003 1311 2051 Voss.
1333 2007 1381 2051 2.
1402 2001 1588 2065 fragm.
1611 2002 1748 2051 Har.
1772 2015 1895 2050 am.

838 2092 918 2141 pr.
942 2079 1070 2127 Lov.
1089 2081 1140 2126 2.
1161 2082 1209 2128 8.
1247 2084 1302 2127 et
1337 2078 1484 2127 Harl.
1507 2082 1553 2129 1.
1587 2078 1897 2141 undamque

839 2155 968 2203 Lov-
989 2160 1039 2205 6.
1071 2155 1400 2217 hnus‘uosqu
1433 2153 1652 2203 laid-1·
1680 2153 1895 2203 mavi·

839 2245 1008 2293 uosque
1032 2231 1172 2280 Flor.
1194 2231 1348 2280 Voss.
1369 2234 1416 2279 1.
1446 2231 1574 2280 Ιιον.
1600 2234 1648 2279 1.
1674 2246 1705 2280 a
1728 2244 1797 2279 m.
1818 2245 1897 2292 pr.

841 2308 992 2357 Harl.
1013 2312 1062 2357 2.
1097 2317 1150 2357 et
1189 2306 1463 2357 Kloekiau.
1529 2307 1731 2357 Passim
1765 2307 1901 2358 ‘La-

839 2383 1080 2434 nuvium'
1123 2391 1181 2433 et
1231 2385 1247 2409 ‘
1280 2382 1586 2439 Lavinium,’
1646 2398 1801 2447 quum
1844 2384 1897 2433 iu

842 2464 1074 2518 aliorum,
1119 2467 1225 2511 tum
1269 2460 1425 2509 etiam
1467 2460 1520 2509 iu
1569 2461 1701 2509 Livii
1744 2459 1897 2510 codd.

841 2537 1162 2599 eommutari,
1203 2535 1422 2586 vidimus
1455 2536 1520 2585 ad
1553 2548 1641 2585 ιιι.
1677 2540 1759 2585 29.
1790 2538 1820 2599 §
1850 2539 1898 2585 6.

843 2617 983 2666 Hinc
1007 2613 1288 2666 laudandus
1323 2620 1401 2664 est
1435 2619 1651 2662 conatus
1686 2612 1901 2676 Sigonii,

845 2694 932 2756 qui
967 2699 1115 2742 certa
1149 2689 1384 2755 quedam
1418 2687 1626 2753 κρῆ-ᾕρει
1654 2689 1778 2738 dare
1811 2703 1902 2739 vo-

843 2768 958 2830 luit,
979 2767 1113 2818 uude
1135 2767 1310 2828 colligi
1336 2768 1518 2829 possit,
1555 2774 1727 2816 utrum
1766 2766 1781 2792 ‘
1806 2765 1900 2814 La-

845 2843 1073 2906 viuium,'
1116 2859 1182 2894 an
1224 2841 1573 2892 ‘Lanuvium’
1609 2842 1901 2906 intelligen-

846 2920 968 2972 dum
993 2921 1076 2975 sit,
1098 2921 1328 2985 quamvis
1351 2925 1522 2968 tamen
1549 2919 1639 2967 illa
1672 2933 1773 2968 non
1796 2932 1905 2968 om-

845 2999 994 3048 nibus
1018 2997 1232 3058 locia‚iu
1258 2996 1444 3060 quibus
1470 2995 1739 3060 utriusque
1762 3009 1902 3045 men-

847 3075 922 3124 tio
959 3072 1040 3130 iit,
1079 3087 1144 3122 rx
1184 3087 1276 3121 nsu
1315 3085 1430 3120 esse
1467 3078 1677 3137 queant.
1750 3071 1903 3123 Quod

847 3157 1023 3200 autem
1053 3149 1121 3197 ad
1150 3149 1286 3197 hune
1321 3149 1489 3196 locum
1511 3149 1733 3204 adtinet,
1765 3163 1797 3197 a
1824 3148 1905 3196 Si·

848 3227 1000 3288 gonio
1037 3225 1278 3274 dissentit
1313 3223 1583 3273 Cluverius
1615 3223 1740 3273 'ltal-
1778 3227 1903 3275 Αιιι.

847 3305 940 3355 lib.
970 3317 1058 3354 ιιι.
1098 3319 1148 3353 e.
1173 3307 1225 3352 4.
1265 3317 1314 3366 p.
1341 3306 1458 3353 9³9.
1497 3303 1586 3367 qui
1621 3310 1678 3352 et
1704 3303 1807 3359 hie.
1848 3311 1906 3354 et

849 3395 966 3444 cap.
988 3393 1147 3443 praec.
1167 3382 1194 3444 ς
1213 3383 1262 3429 7.
1286 3387 1342 3428 et
1364 3394 1480 3444 cap.
1501 3381 1663 3444 seq.§
1686 3383 1736 3429 2.
1772 3380 1789 3408 ⁴
1808 3380 1905 3430 La·

851 3456 1087 3506 nuvinm'
1109 3464 1165 3505 et
1189 3459 1204 3484 ⁸
1226 3457 1514 3506 Lanuviuos
1531 3455 1546 3477 '
1569 3456 1785 3504 indicari
1812 3470 1905 3518 pu-

851 3532 1033 3592 tubat3
1100 3531 1281 3580 Fastos
1345 3536 1517 3580 autem
1587 3531 1905 3594 Capitolinos

854 3607 1206 3670 triumphales,
1237 3619 1452 3670 quorum
1477 3608 1697 3654 maxime
1729 3612 1905 3656 aucto-

853 3685 1012 3734 ritate
1047 3684 1230 3734 nititur
1273 3685 1562 3733 emendatio
1601 3685 1822 3748 sigonii,
1860 3685 1907 3734 si

852 3761 928 3810 sie
961 3752 1173 3824 habent,
1205 3759 1634 3825 quemadmodum
1668 3762 1907 3826 Sigonius

851 3837 1108 3900 laudabat,
1127 3837 1180 3887 iu
1201 3837 1404 3886 uomiue
1425 3851 1642 3894 errasse,
1664 3844 1719 3889 et
1738 3851 1905 3888 nauv-

857 3901 1068 3965 vrmars
1090 3928 1186 3976 pro
1207 3925 1462 3964 nvmms
1483 3914 1756 3979 legendum
1774 3931 1906 3966 esse.

855 3990 1006 4040 Illam
1050 3997 1226 4041 autem
1267 3991 1578 4041 seutentiam
1622 3993 1721 4041 hoc
1755 4007 1905 4056 urgu-

856 4075 1035 4117 mento
1055 4067 1295 4123 firmavit,
1318 4067 1453 4132 quod
1479 4081 1530 4118 e.
1567 4083 1678 4133 seq.
1706 4067 1723 4095 ⁴
1743 4069 1909 4120 Juno·

855 4145 936 4192 nia
975 4143 1230 4206 Sospitae’
1273 4145 1467 4196 mentio
1503 4142 1617 4209 fiat,
1650 4160 1765 4212 quae
1804 4162 1909 4198 nou

858 4222 874 4247 ‘
899 4220 1137 4278 Lavinii‚'
1168 4220 1262 4270 sed
1293 4222 1309 4250 ‘
1341 4221 1589 4280 Lanuvii,'
1621 4222 1909 4287 colebatur,

859 4296 1284 4361 quemadmodum
1327 4297 1434 4361 ipse
1467 4299 1622 4349 etiam
1676 4299 1911 4364 Sigonius

861 4374 1111 4434 agnoscit.
1192 4373 1256 4423 Id
1301 4373 1510 4439 quidem
1554 4385 1913 4440 argumentum

861 4450 1070 4514 Sigonio
1109 4449 1372 4503 adversari
1417 4467 1520 4504 nou
1555 4454 1783 4520 videtur,
1824 4457 1914 4522 qui

1519 555 1738 605 1⁸0¹·AE
1787 553 2191 605 vammum
2240 554 2319 603 IN

1955 712 2073 762 eap.
2090 710 2255 762 pree.
2274 704 2332 747 et
2352 696 2435 747 hie
2456 702 2473 725 ¹
2492 694 2695 747 Laviuii
2710 698 2725 721 ’
2742 700 2799 745 et
2819 700 2835 724 ⁸
2860 694 3007 746 Lavi·

1956 775 2155 825 uiornm
2170 773 2203 836 ς’
2236 788 2357 837 cap.
2380 782 2553 823 autem
2582 786 2693 837 seq.
2712 772 2801 821 ubi
2832 774 2849 801 ‘
2872 771 3009 823 Juuo

1954 850 2191 915 Sospita’
2214 857 2546 907 memoratur,
2567 857 2582 880 ⁶
2606 848 3011 901 Lanuvinorum’

1958 930 2267 979 mentionem
2306 924 2423 977 fieri
2462 926 2815 977 existimabat.
2888 924 3013 986 Sed,

1960 1020 2055 1057 eur
2086 1006 2215 1056 alios
2248 1004 2539 1067 posteriori,
2570 1018 2725 1068 quam
2756 1002 3017 1067 prioribus

1958 1082 2086 1132 loeis
2126 1080 2343 1131 iudicari
2384 1079 2757 1141 existimemus,
2776 1094 3015 1130 caussam

1960 1173 2063 1210 non
2087 1158 2255 1208 video.
2302 1158 2439 1210 Quin
2462 1160 2663 1214 contra,
2684 1170 2907 1221 qaorum
2928 1170 3017 1205 no-

1960 1235 2193 1284 minatim
2216 1234 2372 1299 priori
2392 1242 2448 1285 et
2470 1234 2567 1284 hoe
2582 1248 2697 1297 cap.
2714 1233 2801 1283 nbi
2822 1234 3015 1283 bellum

1960 1326 2077 1361 eum
2112 1312 2314 1361 Latinis
2344 1319 2606 1373 narratur,
2636 1312 2891 1373 meminit,
2934 1325 3015 1359 eo·

1962 1402 2074 1437 rum
2095 1388 2277 1437 itidem
2300 1388 2591 1437 nominatim
2612 1387 2915 1437 meminisse
2928 1386 3019 1435 de-

1962 1463 2055 1515 bet
2097 1478 2213 1529 cap.
2268 1478 2379 1529 seq.
2426 1463 2533 1523 ubi,
2584 1463 3017 1528 quemadmodum

1963 1541 2183 1591 Romani
2216 1555 2311 1604 pro
2340 1541 2525 1591 merito
2556 1540 2805 1604 cujusque
2840 1542 3019 1604 populi

1964 1618 2257 1678 statuerint,
2287 1615 2465 1668 refert.
2532 1616 2595 1667 Id
2628 1624 2803 1667 autem
2840 1618 3015 1667 Livius

1962 1695 2276 1751 observavit.
2298 1695 2339 1744 si
2358 1708 2473 1758 esp.
2500 1708 2657 1757 praee.
2680 1703 2739 1743 et
2770 1694 2873 1745 hoc
2904 1696 3021 1744 loeo

1966 1771 2187 1835 priscam
2224 1778 2406 1821 contra
2444 1770 2703 1833 sigonium
2742 1770 3017 1821 lectionem

1964 1848 2177 1897 Lanario
2200 1854 2256 1896 et
2276 1848 2631 1910 Lanuvinosque
2662 1844 3020 1897 defendamus.

1967 1924 2157 1973 Verum
2186 1924 2266 1973 vel
2288 1924 2363 1973 sic
2384 1924 2543 1973 etiam
2564 1927 2579 1949 ‘
2599 1924 2795 1972 Larinii
2810 1922 2825 1943 '
2848 1924 2899 1971 in
2922 1923 3021 1971 hoe

1968 2000 2105 2049 bello
2127 2001 2357 2051 meminit
2376 2013 2423 2049 c.
2440 2003 2522 2050 11.
2544 2002 2571 2064 §
2591 2005 2641 2050 3.
2684 2000 2785 2054 sed
2812 2000 2933 2048 vide
2954 1996 3023 2047 ad

1966 2090 2084 2140 cap.
2106 2091 2213 2139 seq.
2238 2079 2266 2141 §
2288 2080 2338 2127 2.
2407 2076 2601 2127 Eadem
2640 2090 2761 2125 vero
2790 2076 3025 2125 Cluverii

1966 2155 2223 2203 sententia
2242 2168 2377 2204 novo
2397 2154 2497 2203 hoe
2524 2162 2831 2217 argumento
2852 2152 3027 2201 firma-

1970 2230 2013 2279 ri
2038 2238 2232 2295 puteat,
2256 2231 2393 2295 quod
2416 2231 2611 2280 incolas
2632 2230 2827 2281 Lauinii
2846 2230 3025 2279 Livius

1970 2322 2177 2372 semper
2198 2309 2213 2336 ‘
2232 2306 2555 2371 laurentes(
2584 2322 2689 2357 uon
2719 2309 2735 2337 ‘
2752 2304 3029 2362 Lavinium·

1971 2386 2191 2435 vocarit.
2270 2384 2403 2435 Vide
2438 2384 2503 2434 ad
2538 2396 2613 2433 νι.
2648 2384 2728 2432 21.
2758 2383 2786 2445 §
2820 2386 2874 2432 2.
2940 2382 3029 2431 Ab

1972 2462 2087 2511 aliia
2114 2462 2131 2489 ‘
2149 2460 2515 2511 Latiniensea'
2546 2468 2601 2510 et
2625 2456 2925 2509 Δωυτνιότιι
2944 2460 3029 2509 rel

1973 2538 2245 2587 hui-iate
2286 2546 2554 2588 vocantur.
2622 2537 2805 2600 Neque
2840 2538 2857 2564 ⁸
2876 2535 3031 2584 Lari-

1974 2629 2067 2664 uos
2083 2612 2098 2635 ’
2116 2613 2286 2664 dictos
2304 2612 2529 2668 memini,
2554 2612 2645 2663 uisi
2672 2612 2721 2662 iu
2744 2618 2901 2662 antea
2922 2626 3031 2660 me-

1974 2692 2186 2740 moratis
2211 2690 2353 2741 Fast.
2380 2691 2554 2753 Capit.
2576 2689 2819 2752 triumph.
2884 2687 3031 2738 Pris-

1974 2781 2085 2816 eam
2112 2767 2269 2830 igitur
2290 2767 2599 2830 scripturam
2620 2772 2677 2816 et
2696 2767 2781 2815 hie
2798 2772 2859 2816 et
2880 2777 2929 2814 c.
2950 2767 3033 2814 12.

1976 2846 2071 2908 §7.
2094 2844 2435 2894 revocandam
2458 2843 2664 2903 censui;
2698 2857 2729 2892 a
2752 2855 2853 2905 qua
2876 2841 3031 2890 etiam

1975 2923 2197 2986 optimos
2228 2922 2385 2972 codd.
2416 2927 2576 2982 stare,
2608 2920 2799 2971 adlata
2834 2935 2900 2969 ex
2932 2919 3035 2969 illia

1977 2999 2137 3048 varim
2190 2999 2439 3048 lectiones
2494 2997 2699 3047 docent.
2786 2995 3034 3047 Ceterum

1978 3075 2181 3124 Areiaos
2202 3075 2353 3124 Voss.
2374 3079 2419 3123 l.
2442 3082 2498 3125 et
2530 3075 2658 3125 Lov-
2679 3076 2725 3122 1.
2787 3071 3039 3123 Aer-sesan·

1977 3151 2126 3200 Leid.
2150 3154 2198 3200 1.

2054 3226 2315 3276 Veliternos
2336 3224 2613 3276 Antiatibus
2636 3223 2817 3274 Volscis
2847 3237 2897 3272 ss
2922 3238 3037 3272 ooa-

1964 3303 2243 3367 jungentes]
2284 3303 2563 3353 Velletriaos
2582 3303 2711 3352 Lov.
2732 3305 2783 3350 4.
2834 3301 3043 3352 Velitra-

1978 3395 2064 3428 aoa
2107 3379 2259 3429 Voss.
2292 3383 2342 3429 2.
2382 3387 2439 3428 et
2486 3379 2611 3428 Lov-
2645 3380 2693 3425 8·
2774 3375 3043 3426 Femrinu

1980 3456 2199 3506 Gaertn.
2246 3455 2373 3505 Tum
2395 3455 2613 3504 Antiates
2628 3459 2677 3504 et
2702 3452 2891 3504 Vol-m
2910 3453 3049 3504 Lor-

1978 3537 2028 3583 2.
2060 3532 2339 3583 Antiatibus
2360 3532 2625 3595 Volscisque
2648 3529 2867 3580 lacida.
2908 3529 3043 3578 Per-

1979 3623 2175 3673 peram.
2223 3608 2437 3658 Antium
2458 3607 2593 3656 euim
2608 3612 2765 3670 eaput
2783 3613 2899 3654 erat
2913 3605 3045 3654 Vol·

1980 3699 2200 3748 aeorum,
2232 3689 2293 3734 ut
2330 3683 2505 3734 Livius
2538 3683 2707 3744 iuquit
2740 3694 2816 3732 vl.
2850 3685 2900 3730 6.
2966 3682 3045 3732 Et

1980 3761 2058 3810 ita
2076 3761 2093 3789 ‘
2113 3761 2355 3810 Antiates
2376 3759 2553 3810 Volsci
2568 3759 2584 3781 ’
2602 3767 2953 3810 memorantur
2971 3771 3041 3809 ιι.

1980 3841 2061 3888 63.
2099 3839 2116 3866 ‘
2137 3838 2381 3888 Antiates
2412 3838 2627 3888 Volscos
2660 3834 2835 3886 fundit
2864 3833 3043 3899 fugat·

1980 3913 2117 3979 que.’
2181 3914 2411 3964 Tandem
2445 3927 2729 3978 pronomen
2772 3927 2825 3964 ae
2858 3915 3048 3966 deficit

1978 3993 2031 4041 iu
2057 3993 2183 4042 Lov.
2200 3997 2249 4042 4.

2045 4070 2125 4119 Διὶ
2140 4067 2332 4118 Satara
2348 4064 2560 4132 flumen]
2584 4065 2671 4116 Sic
2696 4066 2845 4130 plura
2864 4081 3044 4116 exeru-

1984 4144 2143 4208 plaria
2163 4144 2373 4196 habeut.
2422 4144 2529 4194 Sed
2552 4143 2741 4194 Astura
2762 4144 3047 4207 legendum

1983 4221 2185 4270 Plinius
2217 4229 2401 4270 auctor
2434 4226 2535 4270 est.
2600 4220 2671 4271 Et
2692 4219 2871 4271 Livius
2904 4220 3049 4274 haud

1984 4302 2200 4352 multum
2234 4300 2437 4351 diverso
2470 4301 2522 4350 id
2558 4301 2673 4351 loeo
2704 4300 3051 4354 demonstrat.

1986 4378 2163 4428 Sabell.
2194 4375 2417 4430 Quidam
2436 4378 2626 4428 Satura
2644 4385 3059 4442 supposuerant.

1986 4456 2187 4506 Plinius
2210 4463 2385 4508 autem
2406 4469 2494 4506 ιιι.
2510 4461 2562 4506 5.
2584 4456 2681 4519 ait,
2696 4463 2759 4506 et
2770 4453 2967 4506 flumen
2988 4465 3053 4508 at
